@online{fully-connected-neural-network,
	author  = {Fei-Fei Li, Justin Johnson, Serena Yeung},
	urldate  = {2020-07-10},
	year = {2020},
	url = {https://cs231n.github.io/neural-networks-1/},
	keywords = {image}
}

@online{neuron-model,
	author  = {Fei-Fei Li, Justin Johnson, Serena Yeung},
	urldate  = {2020-07-12},
	year = {2020},
	url = {https://cs231n.github.io/neural-networks-1/},
	keywords = {image}
}